@article{bahadur1956nonexistence,
  title={The nonexistence of certain statistical procedures in nonparametric problems},
  author={Bahadur, Raghu R and Savage, Leonard J},
  journal={The Annals of Mathematical Statistics},
  volume={27},
  number={4},
  pages={1115--1122},
  year={1956},
  publisher={JSTOR}
} 

@article{lehmann1949theory,
  title={On the theory of some non-parametric hypotheses},
  author={Lehmann, Eric L and Stein, Charles and others},
  journal={The Annals of Mathematical Statistics},
  volume={20},
  number={1},
  pages={28--45},
  year={1949},
  publisher={Institute of Mathematical Statistics}
}

@misc{newey1986simple,
  title={A simple, positive semi-definite, heteroskedasticity and autocorrelationconsistent covariance matrix},
  author={Newey, Whitney K and West, Kenneth D},
  year={1986},
  publisher={National Bureau of Economic Research Cambridge, Mass., USA}
}

@article{jacquier2004bayesian,
  title={Bayesian analysis of stochastic volatility models with fat-tails and correlated errors},
  author={Jacquier, Eric and Polson, Nicholas G and Rossi, Peter E},
  journal={Journal of Econometrics},
  volume={122},
  number={1},
  pages={185--212},
  year={2004},
  publisher={Elsevier}
}


@article{kan2021finite,
  title={Finite Sample Analysis of Predictive Regressions with Long-Horizon Returns},
  author={Kan, Raymond and Pan, Jiening},
  journal={Available at SSRN 3790052},
  year={2021}
}

@article{hansen2014realized,
  title={Realized beta GARCH: A multivariate GARCH model with realized measures of volatility},
  author={Hansen, Peter Reinhard and Lunde, Asger and Voev, Valeri},
  journal={Journal of Applied Econometrics},
  volume={29},
  number={5},
  pages={774--799},
  year={2014},
  publisher={Wiley Online Library}
}

@article{kostakis2015robust,
  title={Robust econometric inference for stock return predictability},
  author={Kostakis, Alexandros and Magdalinos, Tassos and Stamatogiannis, Michalis P},
  journal={The Review of Financial Studies},
  volume={28},
  number={5},
  pages={1506--1553},
  year={2015},
  publisher={Oxford University Press}
}

@article{amihud2004predictive,
  title={Predictive regressions: A reduced-bias estimation method},
  author={Amihud, Yakov and Hurvich, Clifford M},
  journal={Journal of Financial and Quantitative Analysis},
  volume={39},
  number={4},
  pages={813--841},
  year={2004},
  publisher={Cambridge University Press}
}


@article{chan1987asymptotic,
  title={Asymptotic inference for nearly nonstationary AR (1) processes},
  author={Chan, Ngai H and Wei, Ching-Zong},
  journal={The Annals of Statistics},
  pages={1050--1063},
  year={1987},
  publisher={JSTOR}
}

@article{amihud2008multiple,
  title={Multiple-predictor regressions: Hypothesis testing},
  author={Amihud, Yakov and Hurvich, Clifford M and Wang, Yi},
  journal={The Review of Financial Studies},
  volume={22},
  number={1},
  pages={413--434},
  year={2008},
  publisher={Society for Financial Studies}
}

@article{welch2008comprehensive,
  title={A comprehensive look at the empirical performance of equity premium prediction},
  author={Welch, Ivo and Goyal, Amit},
  journal={The Review of Financial Studies},
  volume={21},
  number={4},
  pages={1455--1508},
  year={2008},
  publisher={Society for Financial Studies}
}

@article{fama1988permanent,
  title={Permanent and temporary components of stock prices},
  author={Fama, Eugene F and French, Kenneth R},
  journal={Journal of political Economy},
  volume={96},
  number={2},
  pages={246--273},
  year={1988},
  publisher={The University of Chicago Press}
}


@article{nelson1993predictable,
  title={Predictable stock returns: The role of small sample bias},
  author={Nelson, Charles R and Kim, Myung J},
  journal={The Journal of Finance},
  volume={48},
  number={2},
  pages={641--661},
  year={1993},
  publisher={Wiley Online Library}
}

@article{phillips2009econometric,
  title={Econometric inference in the vicinity of unity},
  author={Phillips, Peter CB and Magdalinos, Tassos and others},
  journal={Singapore Management University, CoFie Working Paper},
  volume={7},
  year={2009},
  publisher={Citeseer}
}

@article{phillips2016robust,
  title={Robust econometric inference with mixed integrated and mildly explosive regressors},
  author={Phillips, Peter CB and Lee, Ji Hyung},
  journal={Journal of Econometrics},
  volume={192},
  number={2},
  pages={433--450},
  year={2016},
  publisher={Elsevier}
}

@article{elliott2015nearly,
  title={Nearly optimal tests when a nuisance parameter is present under the null hypothesis},
  author={Elliott, Graham and M{\"u}ller, Ulrich K and Watson, Mark W},
  journal={Econometrica},
  volume={83},
  number={2},
  pages={771--811},
  year={2015},
  publisher={Wiley Online Library}
}

@article{jansson2006optimal,
  title={Optimal inference in regression models with nearly integrated regressors},
  author={Jansson, Michael and Moreira, Marcelo J},
  journal={Econometrica},
  volume={74},
  number={3},
  pages={681--714},
  year={2006},
  publisher={Wiley Online Library}
}

@book{pratt2012concepts,
  title={Concepts of nonparametric theory},
  author={Pratt, John Winsor and Gibbons, Jean Dickinson},
  year={2012},
  publisher={Springer Science \& Business Media}
}

@article{dufour2010exact,
  title={Exact optimal inference in regression models under heteroskedasticity and non-normality of unknown form},
  author={Dufour, Jean-Marie and Taamouti, Abderrahim},
  journal={Computational Statistics \& Data Analysis},
  volume={54},
  number={11},
  pages={2532--2553},
  year={2010},
  publisher={Elsevier}
}

@article{panagiotelis2012pair,
  title={Pair copula constructions for multivariate discrete data},
  author={Panagiotelis, Anastasios and Czado, Claudia and Joe, Harry},
  journal={Journal of the American Statistical Association},
  volume={107},
  number={499},
  pages={1063--1072},
  year={2012},
  publisher={Taylor \& Francis Group}
}

@techreport{dufour2008finite,
  title={On (non)-testability: Applications to linear and nonlinear semiparametric and nonparametric regression models},
  author={Dufour, JM and Jouneau, F and Torr{\`e}s, O},
  year={2008},
  institution={Technical report, Department of Economics and CIREQ, McGill University, and~…}
}

@article{white1980heteroskedasticity,
  title={A heteroskedasticity-consistent covariance matrix estimator and a direct test for heteroskedasticity},
  author={White, Halbert},
  journal={econometrica},
  volume={48},
  number={4},
  pages={817--838},
  year={1980},
  publisher={Princeton}
}

@article{dufour1998union,
  title={Union-intersection and sample-split methods in econometrics with applications to MA and SURE models},
  author={Dufour, Jean-Marie and Torr{\`e}s, Olivier},
  journal={Statistics Textbooks and Monographs},
  volume={155},
  pages={465--506},
  year={1998},
  publisher={MARCEL DEKKER AG}
}

@article{campbell1991over,
  title={Over-rejections in rational expectations models: A non-parametric approach to the mankiw-shapiro problem},
  author={Campbell, Bryan and Dufour, Jean--Marie},
  journal={Economics Letters},
  volume={35},
  number={3},
  pages={285--290},
  year={1991},
  publisher={Elsevier}
}

@article{dufour1995exact,
  title={Exact nonparametric orthogonality and random walk tests},
  author={Campbell, Bryan and Dufour, Jean--Marie},
  journal={The Review of Economics and Statistics},
  volume={77},
  number={1 },
  pages={1--16},
  year={1995},
  publisher={JSTOR}
}

@article{linton2007quantilogram,
  title={The quantilogram: With an application to evaluating directional predictability},
  author={Linton, Oliver and Whang, Yoon-Jae},
  journal={Journal of Econometrics},
  volume={141},
  number={1},
  pages={250--282},
  year={2007},
  publisher={Elsevier}
}

@article{gungor2021exact,
  title={Exact inference in long-horizon predictive quantile regressions with an application to stock returns},
  author={Gungor, Sermin and Luger, Richard},
  journal={Journal of Financial Econometrics},
  volume={19},
  number={4},
  pages={746--788},
  year={2021},
  publisher={Oxford University Press}
}

@article{campbell1997exact,
  title={Exact nonparametric tests of orthogonality and random walk in the presence of a drift parameter},
  author={Campbell, Bryan and Dufour, Jean-Marie},
  journal={International Economic Review},
  pages={151--173},
  year={1997},
  publisher={JSTOR}
}

@article{luger2003exact,
  title={Exact non-parametric tests for a random walk with unknown drift under conditional heteroscedasticity},
  author={Luger, Richard},
  journal={Journal of Econometrics},
  volume={115},
  number={2},
  pages={259--276},
  year={2003},
  publisher={Elsevier}
}


@article{dwass1957modified,
  title={Modified randomization tests for nonparametric hypotheses},
  author={Dwass, Meyer},
  journal={The Annals of Mathematical Statistics},
  pages={181--187},
  year={1957},
  publisher={JSTOR}
}

@article{barnard1963discussion,
  title={Discussion on “the spectral analysis of point processes”},
  author={Barnard, GA},
  journal={Journal of the Royal Statistical Society, Series B: Statistical Methodology},
  volume={25},
  pages={294--294},
  year={1963}
}


@book{boldin1997sign,
  title={Sign-based methods in linear statistical models},
  author={Boldin, Michail V and Simonova, Galina I and Tyurin, I\_Uri\_ Nikolaevich},
  volume={162},
  year={1997},
  publisher={American Mathematical Soc.}
}

@article{taamouti2015finite,
  title={Finite-Sample Sign-Based Inference in Linear and Nonlinear Regression Models with Applications in Finance},
  author={Taamouti, Abderrahim},
  journal={L'Actualit{\'e} {\'e}conomique},
  volume={91},
  number={1-2},
  pages={89--113},
  year={2015},
  publisher={HEC Montr{\'e}al}
}

@article{coudin2009finite,
  title={Finite-sample distribution-free inference in linear median regressions under heteroscedasticity and non-linear dependence of unknown form},
  author={Coudin, Elise and Dufour, Jean-Marie},
  journal={The Econometrics Journal},
  volume={12},
  pages={S19--S49},
  year={2009},
  publisher={Wiley Online Library}
}

@article{mankiw1986we,
  title={Do we reject too often?: Small sample properties of tests of rational expectations models},
  author={Mankiw, N Gregory and Shapiro, Matthew D},
  journal={Economics Letters},
  volume={20},
  number={2},
  pages={139--145},
  year={1986},
  publisher={Elsevier}
}

@book{stambaugh1985bias,
  title={Bias in regressions with lagged stochastic regressors},
  author={Stambaugh, Robert F},
  year={1985},
  publisher={Center for Research in Security Prices, Graduate School of Business~…}
}

@article{stambaugh1999predictive,
  title={Predictive regressions},
  author={Stambaugh, Robert F},
  journal={Journal of Financial Economics},
  volume={54},
  number={3},
  pages={375--421},
  year={1999},
  publisher={Elsevier}
}

@article{christoffersen2006financial,
  title={Financial asset returns, direction-of-change forecasting, and volatility dynamics},
  author={Christoffersen, Peter F and Diebold, Francis X},
  journal={Management Science},
  volume={52},
  number={8},
  pages={1273--1287},
  year={2006},
  publisher={INFORMS}
}

@article{sklar1959fonctions,
  title={Fonctions de repartition an dimensions et leurs marges},
  author={Sklar, M},
  journal={Publ. inst. statist. univ. Paris},
  volume={8},
  pages={229--231},
  year={1959}
}

@article{nikoloulopoulos2008multivariate,
  title={Multivariate logit copula model with an application to dental data},
  author={Nikoloulopoulos, Aristidis K and Karlis, Dimitris},
  journal={Statistics in Medicine},
  volume={27},
  number={30},
  pages={6393--6406},
  year={2008},
  publisher={Wiley Online Library}
}

@article{nikoloulopoulos2009finite,
  title={Finite normal mixture copulas for multivariate discrete data modeling},
  author={Nikoloulopoulos, Aristidis K and Karlis, Dimitris},
  journal={Journal of Statistical Planning and Inference},
  volume={139},
  number={11},
  pages={3878--3890},
  year={2009},
  publisher={Elsevier}
}

@article{li2010two,
  title={Two-dimensional toxic dose and multivariate logistic regression, with application to decompression sickness},
  author={Li, Jialiang and Wong, Weng Kee},
  journal={Biostatistics},
  volume={12},
  number={1},
  pages={143--155},
  year={2010},
  publisher={Oxford University Press}
}

@book{joe1997multivariate,
  title={Multivariate models and multivariate dependence concepts},
  author={Joe, Harry},
  year={1997},
  publisher={CRC Press}
}

@article{song2009joint,
  title={Joint regression analysis of correlated data using Gaussian copulas},
  author={Song, Peter X-K and Li, Mingyao and Yuan, Ying},
  journal={Biometrics},
  volume={65},
  number={1},
  pages={60--68},
  year={2009},
  publisher={Wiley Online Library}
}

@book{joe2014dependence,
  title={Dependence modeling with copulas},
  author={Joe, Harry},
  year={2014},
  publisher={Chapman and Hall/CRC}
}

@book{lehmann2006testing,
  title={Testing statistical hypotheses},
  author={Lehmann, Erich L and Romano, Joseph P},
  year={2006},
  publisher={Springer Science \& Business Media}
}


@article{joe1996families,
  title={Families of m-variate distributions with given margins and m (m-1)/2 bivariate dependence parameters},
  author={Joe, Harry},
  journal={Lecture Notes-Monograph Series},
  pages={120--141},
  year={1996},
  publisher={JSTOR}
}


@article{stoeber2013simplified,
  title={Simplified pair copula constructions—limitations and extensions},
  author={Stoeber, Jakob and Joe, Harry and Czado, Claudia},
  journal={Journal of Multivariate Analysis},
  volume={119},
  pages={101--118},
  year={2013},
  publisher={Elsevier}
}

@article{joe1996estimation,
  title={The estimation method of inference functions for margins for multivariate models},
  author={Joe, Harry and Xu, James Jianmeng},
  year={1996}
}

@article{czado2012maximum,
  title={Maximum likelihood estimation of mixed C-vines with application to exchange rates},
  author={Czado, Claudia and Schepsmeier, Ulf and Min, Aleksey},
  journal={Statistical Modelling},
  volume={12},
  number={3},
  pages={229--255},
  year={2012},
  publisher={Sage Publications Sage India: New Delhi, India}
}

@article{haff2010simplified,
  title={On the simplified pair-copula construction—simply useful or too simplistic?},
  author={Haff, Ingrid Hob{\ae}k and Aas, Kjersti and Frigessi, Arnoldo},
  journal={Journal of Multivariate Analysis},
  volume={101},
  number={5},
  pages={1296--1310},
  year={2010},
  publisher={Elsevier}
}

@book{serfling2009approximation,
  title={Approximation theorems of mathematical statistics},
  author={Serfling, Robert J},
  volume={162},
  year={2009},
  publisher={John Wiley \& Sons}
}

@article{denuit2005constraints,
  title={Constraints on concordance measures in bivariate discrete data},
  author={Denuit, Michel and Lambert, Philippe},
  journal={Journal of Multivariate Analysis},
  volume={93},
  number={1},
  pages={40--57},
  year={2005},
  publisher={Elsevier}
}

@article{genest2006goodness,
  title={Goodness-of-fit procedures for copula models based on the probability integral transformation},
  author={Genest, Christian and Quessy, Jean-Fran{\c{c}}ois and R{\'e}millard, Bruno},
  journal={Scandinavian Journal of Statistics},
  volume={33},
  number={2},
  pages={337--366},
  year={2006},
  publisher={Wiley Online Library}
}

@article{genest2009goodness,
  title={Goodness-of-fit tests for copulas: A review and a power study},
  author={Genest, Christian and R{\'e}millard, Bruno and Beaudoin, David},
  journal={Insurance: Mathematics and economics},
  volume={44},
  number={2},
  pages={199--213},
  year={2009},
  publisher={Elsevier}
}

@article{berg2009copula,
  title={Copula goodness-of-fit testing: an overview and power comparison},
  author={Berg, Daniel},
  journal={The European Journal of Finance},
  volume={15},
  number={7-8},
  pages={675--701},
  year={2009},
  publisher={Taylor \& Francis}
}

@incollection{durante2010copula,
  title={Copula theory: an introduction},
  author={Durante, Fabrizio and Sempi, Carlo},
  booktitle={Copula theory and its applications},
  pages={3--31},
  year={2010},
  publisher={Springer}
}

@article{king1987towards,
  title={Towards a theory of point optimal testing},
  author={King, Maxwell L},
  journal={Econometric Reviews},
  volume={6},
  number={2},
  pages={169--218},
  year={1987},
  publisher={Taylor \& Francis}
}

@article{dufour2001finite,
  title={Finite sample limited information inference methods for structural equations and models with generated regressors},
  author={Dufour, Jean-Marie and Jasiak, Joann},
  journal={International Economic Review},
  volume={42},
  number={3},
  pages={815--844},
  year={2001},
  publisher={Wiley Online Library}
}

@article{heinrich1982factorization,
  title={Factorization of the characteristic function of a sum of dependent random variables},
  author={Heinrich, Lothar},
  journal={Lithuanian Mathematical Journal},
  volume={22},
  number={1},
  pages={92--100},
  year={1982},
  publisher={Springer}
}


@article{gil1951note,
  title={Note on the inversion theorem},
  author={Gil-Pelaez, J},
  journal={Biometrika},
  volume={38},
  number={3-4},
  pages={481--482},
  year={1951},
  publisher={Oxford University Press}
}

@book{o2004applied,
  title={Applied adaptive statistical methods: tests of significance and confidence intervals},
  author={O'Gorman, Thomas W},
  volume={12},
  year={2004},
  publisher={Siam}
}

@techreport{dufour2003point,
  title={Point-optimal instruments and generalized Anderson-Rubin procedures for nonlinear models},
  author={Dufour, Jean-Marie and Taamouti, Mohamed},
  year={2003},
  institution={Technical report, CRDE, Universit{\'e} de Montr{\'e}al}
}

@techreport{2008finite,
  title={Finite sample and optimal adaptive inference in possibly nonstationary general volatility models with gaussian or heavy-tailed errors},
  author={Dufour, Jean-Marie and Iglesias, Emma M},
  year={2008},
  institution={Working paper, University of Montreal}
}

@book{maronna2019robust,
  title={Robust statistics: theory and methods (with R)},
  author={Maronna, Ricardo A and Martin, R Douglas and Yohai, Victor J and Salibi{\'a}n-Barrera, Mat{\'\i}as},
  year={2019},
  publisher={John Wiley \& Sons}
}


%%%%%%%%%%%%%%%%
%%%%%%%%%%%%%%%%
%%%%%%%%%%%%%%%%

@inproceedings{wiener1956nonlinear,
  title={Nonlinear Prediction and Dynamics},
  author={Wiener, Norbert},
  booktitle={Third Berkeley Symposium on Mathematical Statistics and Probability},
  pages={247--252},
  year={1956}
}

@article{granger1969investigating,
  title={Investigating causal relations by econometric models and cross-spectral methods},
  author={Granger, Clive WJ},
  journal={Econometrica: Journal of the Econometric Society},
  pages={424--438},
  year={1969},
  publisher={JSTOR}
}


@article{granger1980testing,
  title={Testing for causality: a personal viewpoint},
  author={Granger, Clive WJ},
  journal={Journal of Economic Dynamics and control},
  volume={2},
  pages={329--352},
  year={1980},
  publisher={Elsevier}
}

@article{granger1988some,
  title={Some recent development in a concept of causality},
  author={Granger, Clive WJ},
  journal={Journal of econometrics},
  volume={39},
  number={1-2},
  pages={199--211},
  year={1988},
  publisher={Elsevier}
}

@article{sims1972money,
  title={Money, income, and causality},
  author={Sims, Christopher A},
  journal={The American economic review},
  volume={62},
  number={4},
  pages={540--552},
  year={1972},
  publisher={JSTOR}
}

@article{sims1980macroeconomics,
  title={Macroeconomics and reality},
  author={Sims, Christopher A},
  journal={Econometrica: journal of the Econometric Society},
  pages={1--48},
  year={1980},
  publisher={JSTOR}
}

@article{hiemstra1994testing,
  title={Testing for linear and nonlinear Granger causality in the stock price-volume relation},
  author={Hiemstra, Craig and Jones, Jonathan D},
  journal={The Journal of Finance},
  volume={49},
  number={5},
  pages={1639--1664},
  year={1994},
  publisher={Wiley Online Library}
}

@article{diks2006new,
  title={A new statistic and practical guidelines for nonparametric Granger causality testing},
  author={Diks, Cees and Panchenko, Valentyn},
  journal={Journal of Economic Dynamics and Control},
  volume={30},
  number={9-10},
  pages={1647--1669},
  year={2006},
  publisher={Elsevier}
}

@article{su2008nonparametric,
  title={A nonparametric Hellinger metric test for conditional independence},
  author={Su, Liangjun and White, Halbert},
  journal={Econometric Theory},
  volume={24},
  number={4},
  pages={829--864},
  year={2008},
  publisher={Cambridge University Press}
}

@article{su2014testing,
  title={Testing conditional independence via empirical likelihood},
  author={Su, Liangjun and White, Halbert},
  journal={Journal of Econometrics},
  volume={182},
  number={1},
  pages={27--44},
  year={2014},
  publisher={Elsevier}
}

@article{bouezmarni2012nonparametric,
  title={Nonparametric copula-based test for conditional independence with applications to granger causality},
  author={Bouezmarni, Taoufik and Rombouts, Jeroen VK and Taamouti, Abderrahim},
  journal={Journal of Business \& Economic Statistics},
  volume={30},
  number={2},
  pages={275--287},
  year={2012},
  publisher={Taylor \& Francis}
}

@article{mccloskey1996standard,
  title={The standard error of regressions},
  author={McCloskey, Deirdre N and Ziliak, Stephen T and others},
  journal={Journal of economic literature},
  volume={34},
  number={1},
  pages={97--114},
  year={1996},
  publisher={Nashville [etc.]: American Economic Association], 1969-}
}

@article{geweke1982measurement,
  title={Measurement of linear dependence and feedback between multiple time series},
  author={Geweke, John},
  journal={Journal of the American statistical association},
  volume={77},
  number={378},
  pages={304--313},
  year={1982},
  publisher={Taylor \& Francis}
}

@article{geweke1984measures,
  title={Measures of conditional linear dependence and feedback between time series},
  author={Geweke, John},
  journal={Journal of the American Statistical Association},
  volume={79},
  number={388},
  pages={907--915},
  year={1984},
  publisher={Taylor \& Francis Group}
}

@inproceedings{polasek1994temporal,
  title={Temporal causality measures based on AIC},
  author={Polasek, Wolfgang},
  booktitle={Proceedings of the First US/Japan Conference on the Frontiers of Statistical Modeling: an Informational Approach},
  pages={159--168},
  year={1994},
  organization={Springer}
}


@article{polasek2000bayesian,
  title={Bayesian causality measures for multiple ARCH models using marginal likelihoods},
  author={Polasek, Wolfgang},
  year={2000},
  publisher={Citeseer}
}


@article{song2018measuring,
  title={Measuring nonlinear granger causality in mean},
  author={Song, Xiaojun and Taamouti, Abderrahim},
  journal={Journal of Business \& Economic Statistics},
  volume={36},
  number={2},
  pages={321--333},
  year={2018},
  publisher={Taylor \& Francis}
}

@article{dufour2010short,
  title={Short and long run causality measures: Theory and inference},
  author={Dufour, Jean-Marie and Taamouti, Abderrahim},
  journal={Journal of Econometrics},
  volume={154},
  number={1},
  pages={42--58},
  year={2010},
  publisher={Elsevier}
}


@article{gourieroux1987kullback,
  title={Kullback causality measures},
  author={Gourieroux, Christian and Monfort, Alain and Renault, Eric},
  journal={Annales d'Economie et de Statistique},
  pages={369--410},
  year={1987},
  publisher={JSTOR}
}

@article{taamouti2014nonparametric,
  title={Nonparametric estimation and inference for conditional density based Granger causality measures},
  author={Taamouti, Abderrahim and Bouezmarni, Taoufik and El Ghouch, Anouar},
  journal={Journal of Econometrics},
  volume={180},
  number={2},
  pages={251--264},
  year={2014},
  publisher={Elsevier}
}

@incollection{lee2012money,
  title={Money--income Granger-causality in quantiles},
  author={Lee, Tae-Hwy and Yang, Weiping},
  booktitle={30th Anniversary Edition},
  pages={385--409},
  year={2012},
  publisher={Emerald Group Publishing Limited}
}

@article{jeong2012consistent,
  title={A consistent nonparametric test for causality in quantile},
  author={Jeong, Kiho and H{\"a}rdle, Wolfgang K and Song, Song},
  journal={Econometric Theory},
  volume={28},
  number={4},
  pages={861--887},
  year={2012},
  publisher={Cambridge University Press}
}

@article{hong2009granger,
  title={Granger causality in risk and detection of extreme risk spillover between financial markets},
  author={Hong, Yongmiao and Liu, Yanhui and Wang, Shouyang},
  journal={Journal of Econometrics},
  volume={150},
  number={2},
  pages={271--287},
  year={2009},
  publisher={Elsevier}
}

@article{candelon2013testing,
  title={Testing for Granger causality in distribution tails: An application to oil markets integration},
  author={Candelon, Bertrand and Jo{\"e}ts, Marc and Tokpavi, Sessi},
  journal={Economic Modelling},
  volume={31},
  pages={276--285},
  year={2013},
  publisher={Elsevier}
}

@article{dufour2006monte,
  title={Monte Carlo tests with nuisance parameters: A general approach to finite-sample inference and nonstandard asymptotics},
  author={Dufour, Jean-Marie},
  journal={Journal of Econometrics},
  volume={133},
  number={2},
  pages={443--477},
  year={2006},
  publisher={Elsevier}
}
@article{dufour1990exact,
  title={Exact tests and confidence sets in linear regressions with autocorrelated errors},
  author={Dufour, Jean-Marie},
  journal={Econometrica: Journal of the Econometric Society},
  pages={475--494},
  year={1990},
  publisher={JSTOR}
}


@article{meyer2015vector,
  title={On the vector autoregressive sieve bootstrap},
  author={Meyer, Marco and Kreiss, Jens-Peter},
  journal={Journal of Time Series Analysis},
  volume={36},
  number={3},
  pages={377--397},
  year={2015},
  publisher={Wiley Online Library}
}

@techreport{claeskens2008model,
  title={Model selection and model averaging},
  author={Claeskens, Gerda and Hjort, Nils Lid},
  year={2008},
  institution={Cambridge University Press}
}


@article{cavanagh1995inference,
  title={Inference in models with nearly integrated regressors},
  author={Cavanagh, Christopher L and Elliott, Graham and Stock, James H},
  journal={Econometric theory},
  volume={11},
  number={5},
  pages={1131--1147},
  year={1995},
  publisher={Cambridge University Press}
}

@article{campbell2006efficient,
  title={Efficient tests of stock return predictability},
  author={Campbell, John Y and Yogo, Motohiro},
  journal={Journal of financial economics},
  volume={81},
  number={1},
  pages={27--60},
  year={2006},
  publisher={Elsevier}
}

@article{golez2018four,
  title={Four centuries of return predictability},
  author={Golez, Benjamin and Koudijs, Peter},
  journal={Journal of Financial Economics},
  volume={127},
  number={2},
  pages={248--263},
  year={2018},
  publisher={Elsevier}
}

@article{andrews1993exactly,
  title={Exactly median-unbiased estimation of first order autoregressive/unit root models},
  author={Andrews, Donald WK},
  journal={Econometrica: Journal of the Econometric Society},
  pages={139--165},
  year={1993},
  publisher={JSTOR}
}

@article{andrews1994approximately,
  title={Approximately median-unbiased estimation of autoregressive models},
  author={Andrews, Donald WK and Chen, Hong-Yuan},
  journal={Journal of Business \& Economic Statistics},
  volume={12},
  number={2},
  pages={187--204},
  year={1994},
  publisher={Taylor \& Francis}
}

@article{rudebusch1992trends,
  title={Trends and random walks in macroeconomic time series: A re-examination},
  author={Rudebusch, Glenn D},
  journal={International Economic Review},
  pages={661--680},
  year={1992},
  publisher={JSTOR}
}

@article{stock1991confidence,
  title={Confidence intervals for the largest autoregressive root in US macroeconomic time series},
  author={Stock, James H},
  journal={Journal of monetary economics},
  volume={28},
  number={3},
  pages={435--459},
  year={1991},
  publisher={Elsevier}
}


@article{imhof1961computing,
  title={Computing the distribution of quadratic forms in normal variables},
  author={Imhof, Jean-Pierre},
  journal={Biometrika},
  volume={48},
  number={3/4},
  pages={419--426},
  year={1961},
  publisher={JSTOR}
}



@article{Aggarwal1981,
  title={Exchange rates and stock prices: A study of U.S. capital markets under floating exchange rates.},
  author={Aggarwal, R.},
  journal={Akron Business and Economics Review},
  volume={22},
  number={2},
  pages={7--12},
  year={1998},
}

@article{zeren2016time,
  title={Time varying causality between stock market and exchange rate: evidence from Turkey, Japan and England},
  author={Zeren, Feyyaz and Ko{\c{c}}, Mustafa},
  journal={Economic research-Ekonomska istra{\v{z}}ivanja},
  volume={29},
  number={1},
  pages={696--705},
  year={2016},
  publisher={Sveu{\v{c}}ili{\v{s}}te Jurja Dobrile u Puli, Odjel za ekonomiju i turizam'Dr. Mijo~…}
}

@book{krueger1983exchange,
  title={Exchange-rate determination},
  author={Krueger, Anne O},
  year={1983},
  publisher={Cambridge University Press}
}

@article{muhammad2002stock,
  title={Stock prices and exchange rates: Are they related? evidence from south asian countries [with comments]},
  author={Muhammad, Naeem and Rasheed, Abdul and Husain, Fazal},
  journal={The Pakistan Development Review},
  pages={535--550},
  year={2002},
  publisher={JSTOR}
}

@article{soenen1988analysis,
  title={An analysis of exchange-rates and stock-prices-the united-states experience between 1980 and 1986},
  author={Soenen, Luc A and Hennigar, Elizabeth S},
  journal={Akron Business and Economic Review},
  volume={19},
  number={4},
  pages={7--16},
  year={1988},
}

@inproceedings{soenen1989financial,
  title={Financial prices as determinants of changes in currency values},
  author={Soenen, LA and Aggarwal, R},
  booktitle={25th Annual Meetings of Eastern Finance Association, Philadelphia},
  volume={2},
  number={0},
  pages={2--2},
  year={1989}
}

@article{bahmani1992stock,
  title={Stock prices and the effective exchange rate of the dollar},
  author={Bahmani-Oskooee, Mohsen and Sohrabian, Ahmad},
  journal={Applied economics},
  volume={24},
  number={4},
  pages={459--464},
  year={1992},
  publisher={Taylor \& Francis}
}

@article{abdalla1997exchange,
  title={Exchange rate and stock price interactions in emerging financial markets: evidence on India, Korea, Pakistan and the Philippines},
  author={Abdalla, Issam SA and Murinde, Victor},
  journal={Applied financial economics},
  volume={7},
  number={1},
  pages={25--35},
  year={1997},
  publisher={Taylor \& Francis}
}

@article{hatemi2002causality,
  title={On the causality between exchange rates and stock prices: A note},
  author={Hatemi--J, Abdulnasser and Irandoust, Manuchehr},
  journal={Bulletin of Economic Research},
  volume={54},
  number={2},
  pages={197--203},
  year={2002},
  publisher={Wiley Online Library}
}

@article{toda1995statistical,
  title={Statistical inference in vector autoregressions with possibly integrated processes},
  author={Toda, Hiro Y and Yamamoto, Taku},
  journal={Journal of econometrics},
  volume={66},
  number={1-2},
  pages={225--250},
  year={1995},
  publisher={Elsevier}
}

@article{olugbenga2012exchange,
  title={Exchange rate volatility and stock market behaviour: the Nigerian experience},
  author={Olugbenga, Adaramola Anthony},
  journal={European Journal of Business and Management},
  volume={4},
  number={5},
  year={2012}
}

@article{cakan2013relationship,
  title={On the relationship between exchange rates and stock prices: Evidence from emerging markets},
  author={Cakan, Esin and Ejara, Demissew Diro},
  journal={International Research Journal of Finance and Economics},
  number={111},
  year={2013}
}

@book{graham1934security,
  title={Security analysis},
  author={Graham, Benjamin and Dodd, David Le Fevre and Cottle, Sidney and others},
  year={1934},
  publisher={McGraw-Hill New York}
}

@article{linton2003shape,
  title={The shape of the risk premium: evidence from a semiparametric generalized autoregressive conditional heteroscedasticity model},
  author={Linton, Oliver and Perron, Benoit},
  journal={Journal of Business \& Economic Statistics},
  volume={21},
  number={3},
  pages={354--367},
  year={2003},
  publisher={Taylor \& Francis}
}

@article{bansal1993new,
  title={A new approach to international arbitrage pricing},
  author={Bansal, Ravi and Hsieh, David A and Viswanathan, S},
  journal={The Journal of Finance},
  volume={48},
  number={5},
  pages={1719--1747},
  year={1993},
  publisher={Wiley Online Library}
}

@article{lewellen2004predicting,
  title={Predicting returns with financial ratios},
  author={Lewellen, Jonathan},
  journal={Journal of Financial Economics},
  volume={74},
  number={2},
  pages={209--235},
  year={2004},
  publisher={Elsevier}
}


@article{elliott1994inference,
  title={Inference in time series regression when the order of integration of a regressor is unknown},
  author={Elliott, Graham and Stock, James H},
  journal={Econometric theory},
  volume={10},
  number={3-4},
  pages={672--700},
  year={1994},
  publisher={Cambridge University Press}
}

@article{torous2004predicting,
  title={On predicting stock returns with nearly integrated explanatory variables},
  author={Torous, Walter and Valkanov, Rossen and Yan, Shu},
  journal={The Journal of Business},
  volume={77},
  number={4},
  pages={937--966},
  year={2004},
  publisher={JSTOR}
}

@article{goffe1994global,
  title={Global optimization of statistical functions with simulated annealing},
  author={Goffe, William L and Ferrier, Gary D and Rogers, John},
  journal={Journal of econometrics},
  volume={60},
  number={1-2},
  pages={65--99},
  year={1994},
  publisher={Elsevier}
}

@article{rozeff1984dividend,
  title={Dividend yields are equity risk premiums},
  author={Rozeff, Michael S},
  journal={Journal of Portfolio management},
  pages={68--75},
  year={1984}
}


@article{fama1988dividend,
  title={Dividend yields and expected stock returns},
  author={Fama, Eugene F and French, Kenneth R},
  journal={Journal of financial economics},
  volume={22},
  number={1},
  pages={3--25},
  year={1988},
  publisher={Elsevier}
}

@article{phillips2014confidence,
  title={On confidence intervals for autoregressive roots and predictive regression},
  author={Phillips, Peter CB},
  journal={Econometrica},
  volume={82},
  number={3},
  pages={1177--1195},
  year={2014},
  publisher={Wiley Online Library}
}

@article{phillips2013predictive,
  title={Predictive regression under various degrees of persistence and robust long-horizon regression},
  author={Phillips, Peter CB and Lee, Ji Hyung},
  journal={Journal of Econometrics},
  volume={177},
  number={2},
  pages={250--264},
  year={2013},
  publisher={Elsevier}
}

@article{campbell2008predicting,
  title={Predicting excess stock returns out of sample: Can anything beat the historical average?},
  author={Campbell, John Y and Thompson, Samuel B},
  journal={The Review of Financial Studies},
  volume={21},
  number={4},
  pages={1509--1531},
  year={2008},
  publisher={Society for Financial Studies}
}

@article{campbell1988dividend,
  title={The dividend-price ratio and expectations of future dividends and discount factors},
  author={Campbell, John Y and Shiller, Robert J},
  journal={The Review of Financial Studies},
  volume={1},
  number={3},
  pages={195--228},
  year={1988},
  publisher={Oxford University Press}
}

@article{evans1981calculation,
  title={The calculation of the limiting distribution of the least squares estimator of the parameter in a random walk model},
  author={Evans, GBA and Savin, NE},
  journal={The Annals of Statistics},
  pages={1114--1118},
  year={1981},
  publisher={JSTOR}
}

@article{evans1984testing,
  title={Testing for unit roots: 2},
  author={Evans, GBA and Savin, NE},
  journal={Econometrica (pre-1986)},
  volume={52},
  number={5},
  pages={1241},
  year={1984},
  publisher={Blackwell Publishing Ltd.}
}

@techreport{campbell2001valuation,
  title={Valuation ratios and the long-run stock market outlook: An update},
  author={Campbell, John Y and Shiller, Robert J},
  year={2001},
  institution={National bureau of economic research}
}

@article{phillips1988testing,
  title={Testing for a unit root in time series regression},
  author={Phillips, Peter CB and Perron, Pierre},
  journal={Biometrika},
  volume={75},
  number={2},
  pages={335--346},
  year={1988},
  publisher={Oxford University Press}
}

@article{coudin2004hodges,
  title={Hodges-Lehmann sign-based estimators and generalized confidence distributions in linear median regressions with heterogeneous dependent errors},
  author={Coudin, Elise and Dufour, Jean-Marie},
  journal={CIREQ/CIRANO, Department of Economics, McGill University},
  year={2004},
  publisher={Citeseer}
}


@article{andrews1992generic,
  title={Generic uniform convergence},
  author={Andrews, Donald WK},
  journal={Econometric theory},
  volume={8},
  number={2},
  pages={241--257},
  year={1992},
  publisher={Cambridge University Press}
}

@book{white2014asymptotic,
  title={Asymptotic theory for econometricians},
  author={White, Halbert},
  year={2014},
  publisher={Academic press}
}

@article{newey1994large,
  title={Large Sample Estimation and Hypoth0 esis Testing, Chapter 36},
  author={Newey, W and MacFadden, D},
  journal={Handbook of Econometrics Vol},
  volume={4},
  year={1994}
}

@article{newey1991uniform,
  title={Uniform convergence in probability and stochastic equicontinuity},
  author={Newey, Whitney K},
  journal={Econometrica: Journal of the Econometric Society},
  pages={1161--1167},
  year={1991},
  publisher={JSTOR}
}


@article{ashley2012granger,
  title={On the Granger causality between median inflation and price dispersion},
  author={Ashley, Richard and Ye, Haichun},
  journal={Applied Economics},
  volume={44},
  number={32},
  pages={4221--4238},
  year={2012},
  publisher={Taylor \& Francis}
}

@article{furno2014predictions,
  title={Predictions in Quantile Regressions},
  author={Furno, Marilena},
  journal={Open Journal of Statistics},
  volume={4},
  number={07},
  pages={504},
  year={2014},
  publisher={Citeseer}
}

@article{andrews1987consistency,
  title={Consistency in nonlinear econometric models: A generic uniform law of large numbers},
  author={Andrews, Donald WK},
  journal={Econometrica: Journal of the Econometric Society},
  pages={1465--1471},
  year={1987},
  publisher={JSTOR}
}

@article{scheffe1959analysis,
  title={The Analysis of Variance John Wiley \& Sons},
  author={Scheff{\'e}, Henry},
  journal={Inc., New York},
  pages={351--358},
  year={1959}
}

@book{koerts1969theory,
  title={On the theory and application of the general linear model},
  author={Koerts, Johannes and Abrahamse, Adriaan Pieter Johannes},
  year={1969},
  publisher={Rotterdam University Press}
}

@article{buhlmann1997sieve,
  title={Sieve bootstrap for time series},
  author={B{\"u}hlmann, Peter and others},
  journal={Bernoulli},
  volume={3},
  number={2},
  pages={123--148},
  year={1997},
  publisher={Bernoulli Society for Mathematical Statistics and Probability}
}

@article{haff2012comparison,
  title={Comparison of estimators for pair-copula constructions},
  author={Haff, Ingrid Hob{\ae}k},
  journal={Journal of Multivariate Analysis},
  volume={110},
  pages={91--105},
  year={2012},
  publisher={Elsevier}
}

@article{dissmann2013selecting,
  title={Selecting and estimating regular vine copulae and application to financial returns},
  author={Dissmann, Jeffrey and Brechmann, Eike C and Czado, Claudia and Kurowicka, Dorota},
  journal={Computational Statistics \& Data Analysis},
  volume={59},
  pages={52--69},
  year={2013},
  publisher={Elsevier}
}

@article{banerjee1993co,
  title={Co-integration, error correction, and the econometric analysis of non-stationary data},
  author={Banerjee, Anindya and Dolado, Juan J and Galbraith, John W and Hendry, David and others},
  journal={OUP Catalogue},
  year={1993},
  publisher={Oxford university press}
}


@article{nelson1982trends,
  title={Trends and random walks in macroeconmic time series: some evidence and implications},
  author={Nelson, Charles R and Plosser, Charles R},
  journal={Journal of monetary economics},
  volume={10},
  number={2},
  pages={139--162},
  year={1982},
  publisher={North-Holland}
}

@article{phillips1987towards,
  title={Towards a unified asymptotic theory for autoregression},
  author={Phillips, Peter CB},
  journal={Biometrika},
  volume={74},
  number={3},
  pages={535--547},
  year={1987},
  publisher={Oxford University Press}
}


@article{koo2012estimation,
  title={Estimation of semiparametric locally stationary diffusion models},
  author={Koo, Bonsoo and Linton, Oliver},
  journal={Journal of Econometrics},
  volume={170},
  number={1},
  pages={210--233},
  year={2012},
  publisher={Elsevier}
}

@article{ait1996nonparametric,
  title={Nonparametric pricing of interest rate derivative securities},
  author={A{\"i}t-Sahalia, Y},
  journal={Econometrica},
  volume={64},
  number={3},
  pages={527--560},
  year={1996}
}

@article{jacod2004euler,
  title={The Euler scheme for L{\'e}vy driven stochastic differential equations: limit theorems},
  author={Jacod, Jean and others},
  journal={The Annals of Probability},
  volume={32},
  number={3},
  pages={1830--1872},
  year={2004},
  publisher={Institute of Mathematical Statistics}
}

@incollection{dahlhaus2012locally,
  title={Locally stationary processes},
  author={Dahlhaus, Rainer},
  booktitle={Handbook of statistics},
  volume={30},
  pages={351--413},
  year={2012},
  publisher={Elsevier}
}

@article{magdalinos2009limit,
  title={Limit theory for cointegrated systems with moderately integrated and moderately explosive regressors},
  author={Magdalinos, Tassos and Phillips, Peter CB},
  journal={Econometric Theory},
  volume={25},
  number={2},
  pages={482--526},
  year={2009},
  publisher={Cambridge University Press}
}

@article{phillips2015halbert,
  title={Halbert white jr. memorial jfec lecture: Pitfalls and possibilities in predictive regression},
  author={Phillips, Peter CB},
  journal={Journal of Financial Econometrics},
  volume={13},
  number={3},
  pages={521--555},
  year={2015},
  publisher={Oxford University Press}
}

@article{oh2016high,
  title={High-dimensional copula-based distributions with mixed frequency data},
  author={Oh, Dong Hwan and Patton, Andrew J},
  journal={Journal of Econometrics},
  volume={193},
  number={2},
  pages={349--366},
  year={2016},
  publisher={Elsevier}
}

@article{bunn2014cape,
  title={Es-cape-ing from overvalued sectors: Sector selection based on the cyclically adjusted price-earnings (CAPE) ratio},
  author={Bunn, Oliver and Staal, Arne and Zhuang, Ji and Lazanas, Anthony and Ural, Cenk and Shiller, Robert},
  journal={The Journal of Portfolio Management},
  volume={41},
  number={1},
  pages={16--33},
  year={2014},
  publisher={Institutional Investor Journals Umbrella}
}


@article{jivraj2017many,
  title={The many colours of CAPE},
  author={Jivraj, Farouk and Shiller, Robert J},
  year={2017},
  publisher={Yale ICF Working Paper}
}
@article{bielecki2008study,
  title={Study of dependence for some stochastic processes},
  author={Bielecki, Tomasz R and Jakubowski, Jacek and Vidozzi, Andrea and Vidozzi, Luca},
  journal={Stochastic analysis and applications},
  volume={26},
  number={4},
  pages={903--924},
  year={2008},
  publisher={Taylor \& Francis}
}@article{ibragimov2020new,
  title={New robust inference for predictive regressions},
  author={Ibragimov, Rustam and Kim, Jihyun and Skrobotov, Anton},
  journal={arXiv preprint arXiv:2006.01191},
  year={2020}
}
